@book{Oppenheim,
 author = {Oppenheim, Alan V. and Schafer, Ronald W. and Buck, John R.},
 title = {Discrete-time Signal Processing (2Nd Ed.)},
 year = {1999},
 isbn = {0-13-754920-2},
 publisher = {Prentice-Hall, Inc.},
 address = {Upper Saddle River, NJ, USA},
} 

@misc{butter,
  author = {Manuel Baptista},
  title = {{Sistema de processamento de Digital}},
  howpublished = "\url{ http://www.estgv.ipv.pt/paginaspessoais/maeb/SPD/Teorico_Praticas_PDF/Guia%20TP7_Filtros%20IIR%20Solu%C3%A7%C3%B5es.pdf}",
  year = {2006}, 
  note = "[Online; accessed 03-Sep-2017]"
}

@book{vag,
 author = {Oppenheim, Alan V. and Schafer, Ronald W. and Buck, John R.},
 title = {Uma ferramenta para a geração otimizada de Filtros FIR paralelos com coeficientes constantes},
 year = {1999},
 isbn = {0-13-754920-2},
 publisher = {Prentice-Hall, Inc.},
 address = {Upper Saddle River, NJ, USA},
} 
